@article{hazen2019marine,
  title={Marine top predators as climate and ecosystem sentinels},
  author={Hazen, Elliott L and Abrahms, Briana and Brodie, Stephanie and Carroll, Gemma and Jacox, Michael G and Savoca, Matthew S and Scales, Kylie L and Sydeman, William J and Bograd, Steven J},
  journal={Frontiers in Ecology and the Environment},
  volume={17},
  number={10},
  pages={565--574},
  year={2019},
  publisher={Wiley Online Library}
}

@article{ciancio2021isotopic,
  title={Isotopic niche plasticity in a marine top predator as indicator of a large marine ecosystem food web status},
  author={Ciancio, Javier E and Yorio, Pablo and Buratti, Claudio and Colombo, Gustavo {\'A}lvarez and Frere, Esteban},
  journal={Ecological Indicators},
  volume={126},
  pages={107687},
  year={2021},
  publisher={Elsevier}
}

@article{carignan2002selecting,
  title={Selecting indicator species to monitor ecological integrity: a review},
  author={Carignan, Vincent and Villard, Marc-Andr{\'e}},
  journal={Environmental monitoring and assessment},
  volume={78},
  number={1},
  pages={45--61},
  year={2002},
  publisher={Springer}
}

@book{hall1919life,
  title={Life-zone indicators in California},
  author={Hall, Harvey Monroe and Grinnell, Joseph},
  volume={9},
  year={1919},
  publisher={The Academy}
}

@article{rogers2007ecosystem,
  title={Ecosystem objectives to support the UK vision for the marine environment},
  author={Rogers, SI and Tasker, ML and Earll, R and Gubbay, S},
  journal={Marine Pollution Bulletin},
  volume={54},
  number={2},
  pages={128--144},
  year={2007},
  publisher={Elsevier}
}

@article{heslenfeld2008ospar,
  title={OSPAR Ecological Quality Objectives: the utility of health indicators for the North Sea},
  author={Heslenfeld, Peter and Enserink, E Lisette},
  journal={ICES Journal of Marine Science},
  volume={65},
  number={8},
  pages={1392--1397},
  year={2008},
  publisher={Oxford University Press}
}

@article{croxall2012seabird,
  title={Seabird conservation status, threats and priority actions: a global assessment},
  author={Croxall, John P and Butchart, Stuart HM and Lascelles, BEN and Stattersfield, Alison J and Sullivan, BEN and Symes, Andy and Taylor, PHIL},
  journal={Bird Conservation International},
  volume={22},
  number={1},
  pages={1--34},
  year={2012},
  publisher={Cambridge University Press}
}

@article{parsons2008seabirds,
  title={Seabirds as indicators of the marine environment},
  author={Parsons, Matt and Mitchell, Ian and Butler, Adam and Ratcliffe, Norman and Frederiksen, Morten and Foster, Simon and Reid, James B},
  journal={ICES Journal of Marine Science},
  volume={65},
  number={8},
  pages={1520--1526},
  year={2008},
  publisher={Oxford University Press}
}

@article{bost1993seabirds,
  title={Seabirds as bio-indicators of changing marine ecosystems: new perspectives},
  author={Bost, CA and Le Maho, Y},
  journal={Acta Oecologica-International Journal of Ecology},
  volume={14},
  number={3},
  pages={463--470},
  year={1993},
  publisher={Elsevier}
}

@article{paleczny2015population,
  title={Population trend of the worldâ€™s monitored seabirds, 1950-2010},
  author={Paleczny, Michelle and Hammill, Edd and Karpouzi, Vasiliki and Pauly, Daniel},
  journal={PloS one},
  volume={10},
  number={6},
  pages={e0129342},
  year={2015},
  publisher={Public Library of Science}
}

@article{feare1978decline,
  title={The decline of boody (Sulidae) populations in the western Indian ocean},
  author={Feare, Christopher J},
  journal={Biological Conservation},
  volume={14},
  number={4},
  pages={295--305},
  year={1978},
  publisher={Elsevier}
}

@article{thaxter2012seabird,
  title={Seabird foraging ranges as a preliminary tool for identifying candidate Marine Protected Areas},
  author={Thaxter, Chris B and Lascelles, Ben and Sugar, Kate and Cook, Aonghais SCP and Roos, Staffan and Bolton, Mark and Langston, Rowena HW and Burton, Niall HK},
  journal={Biological Conservation},
  volume={156},
  pages={53--61},
  year={2012},
  publisher={Elsevier}
}

@article{einoder2009review,
  title={A review of the use of seabirds as indicators in fisheries and ecosystem management},
  author={Einoder, Luke D},
  journal={Fisheries Research},
  volume={95},
  number={1},
  pages={6--13},
  year={2009},
  publisher={Elsevier}
}

%@article{kays2015terrestrial,
%  title={Terrestrial animal tracking as an eye on life %and planet},
%  author={Kays, Roland and Crofoot, Margaret C and Jetz, %Walter and Wikelski, Martin},
%  journal={Science},
%  volume={348},
%  number={6240},
%  year={2015},
%  publisher={American Association for the Advancement of %Science}
%}

@article{barron2010meta,
  title={Meta-analysis of transmitter effects on avian behaviour and ecology},
  author={Barron, Douglas G and Brawn, Jeffrey D and Weatherhead, Patrick J},
  journal={Methods in Ecology and Evolution},
  volume={1},
  number={2},
  pages={180--187},
  year={2010},
  publisher={Wiley Online Library}
}

@article{calvo1992review,
  title={A review of the use and the effects of marks and devices on birds},
  author={Calvo, B and Furness, RW},
  journal={Ringing \& Migration},
  volume={13},
  number={3},
  pages={129--151},
  year={1992},
  publisher={Taylor \& Francis}
}

@article{mallory2010seabirds,
  title={Seabirds as indicators of aquatic ecosystem conditions: a case for gathering multiple proxies of seabird health},
  author={Mallory, Mark L and Robinson, Stacey A and Hebert, Craig E and Forbes, Mark R},
  journal={Marine Pollution Bulletin},
  volume={60},
  number={1},
  pages={7--12},
  year={2010},
  publisher={Elsevier}
}

@article{shoji2015foraging,
  title={Foraging behaviour of sympatric razorbills and puffins},
  author={Shoji, Akiko and Elliott, Kyle and Fayet, Annette and Boyle, Dave and Perrins, Chris and Guilford, Tim},
  journal={Marine Ecology Progress Series},
  volume={520},
  pages={257--267},
  year={2015}
}

@article{wanless1997use,
  title={Use of Time-at-Depth Recorders for Estimating Depth and Diving Performance of European Shags (Registradores del uso del Tiempo-a-profundidad para Estimar Utilizacion de las Profundidades y Rendimiento de Zambullida de phalacrocorax aristotelis)},
  author={Wanless, Sarah and Harris, Michael P and Burger, Alan E and Buckland, Stephen T},
  journal={Journal of Field Ornithology},
  pages={547--561},
  year={1997},
  publisher={JSTOR}
}

@misc{rutz2009new,
  title={New frontiers in biologging science},
  author={Rutz, Christian and Hays, Graeme C},
  year={2009},
  publisher={The Royal Society London}
}

@article{bograd2010biologging,
  title={Biologging technologies: new tools for conservation. Introduction},
  author={Bograd, Steven J and Block, Barbara A and Costa, Daniel P and Godley, Brendan J},
  journal={Endangered Species Research},
  volume={10},
  pages={1--7},
  year={2010}
}

@article{guilford2008gps,
  title={GPS tracking of the foraging movements of Manx Shearwaters Puffinus puffinus breeding on Skomer Island, Wales},
  author={Guilford, TCa and Meade, Ja and Freeman, Rab and Biro, Da and Evans, Ta and Bonadonna, Fc and Boyle, D and Roberts, S and Perrins, CM},
  journal={Ibis},
  volume={150},
  number={3},
  pages={462--473},
  year={2008},
  publisher={Wiley Online Library}
}

@article{cox2016seabird,
  title={Seabird diving behaviour reveals the functional significance of shelf-sea fronts as foraging hotspots},
  author={Cox, SL and Miller, PI and Embling, CB and Scales, KL and Bicknell, AWJ and Hosegood, PJ and Morgan, G and Ingram, SN and Votier, SC},
  journal={Royal Society open science},
  volume={3},
  number={9},
  pages={160317},
  year={2016},
  publisher={The Royal Society}
}

@article{jackson2002potential,
  title={The potential costs of flipper-bands to penguins},
  author={Jackson, S and Wilson, Rory P},
  journal={Functional Ecology},
  volume={16},
  number={1},
  pages={141--148},
  year={2002},
  publisher={Wiley Online Library}
}

@article{phillips2003effects,
  title={Effects of satellite transmitters on albatrosses and petrels},
  author={Phillips, Richard A and Xavier, Jose C and Croxall, John P},
  journal={The Auk},
  volume={120},
  number={4},
  pages={1082--1090},
  year={2003},
  publisher={Oxford University Press}
}

@article{gillies2020short,
  title={Short-term behavioural impact contrasts with long-term fitness consequences of biologging in a long-lived seabird},
  author={Gillies, Natasha and Fayet, Annette L and Padget, Oliver and Syposz, Martyna and Wynn, Joe and Bond, Sarah and Evry, James and Kirk, Holly and Shoji, Akiko and Dean, Ben and others},
  journal={Scientific reports},
  volume={10},
  number={1},
  pages={1--10},
  year={2020},
  publisher={Nature Publishing Group}
}

@article{urbano2010wildlife,
  title={Wildlife tracking data management: a new vision},
  author={Urbano, Ferdinando and Cagnacci, Francesca and Calenge, Cl{\'e}ment and Dettki, Holger and Cameron, Alison and Neteler, Markus},
  journal={Philosophical Transactions of the Royal Society B: Biological Sciences},
  volume={365},
  number={1550},
  pages={2177--2185},
  year={2010},
  publisher={The Royal Society}
}

@article{kie2010home,
  title={The home-range concept: are traditional estimators still relevant with modern telemetry technology?},
  author={Kie, John G and Matthiopoulos, Jason and Fieberg, John and Powell, Roger A and Cagnacci, Francesca and Mitchell, Michael S and Gaillard, Jean-Michel and Moorcroft, Paul R},
  journal={Philosophical Transactions of the Royal Society B: Biological Sciences},
  volume={365},
  number={1550},
  pages={2221--2231},
  year={2010},
  publisher={The Royal Society}
}

@article{smouse2010stochastic,
  title={Stochastic modelling of animal movement},
  author={Smouse, Peter E and Focardi, Stefano and Moorcroft, Paul R and Kie, John G and Forester, James D and Morales, Juan M},
  journal={Philosophical Transactions of the Royal Society B: Biological Sciences},
  volume={365},
  number={1550},
  pages={2201--2211},
  year={2010},
  publisher={The Royal Society}
}

@article{dean2013behavioural,
  title={Behavioural mapping of a pelagic seabird: combining multiple sensors and a hidden Markov model reveals the distribution of at-sea behaviour},
  author={Dean, Ben and Freeman, Robin and Kirk, Holly and Leonard, Kerry and Phillips, Richard A and Perrins, Chris M and Guilford, Tim},
  journal={Journal of the Royal Society Interface},
  volume={10},
  number={78},
  pages={20120570},
  year={2013},
  publisher={The Royal Society}
}

@article{jonsen2005robust,
  title={Robust state--space modeling of animal movement data},
  author={Jonsen, Ian D and Flemming, Joanna Mills and Myers, Ransom A},
  journal={Ecology},
  volume={86},
  number={11},
  pages={2874--2880},
  year={2005},
  publisher={Wiley Online Library}
}

@article{patterson2009classifying,
  title={Classifying movement behaviour in relation to environmental conditions using hidden Markov models},
  author={Patterson, Toby A and Basson, Marinelle and Bravington, Mark V and Gunn, John S},
  journal={Journal of Animal Ecology},
  volume={78},
  number={6},
  pages={1113--1123},
  year={2009},
  publisher={Wiley Online Library}
}

@article{breed2012state,
  title={State-space methods for more completely capturing behavioral dynamics from animal tracks},
  author={Breed, Greg A and Costa, Daniel P and Jonsen, Ian D and Robinson, Patrick W and Mills-Flemming, Joanna},
  journal={Ecological Modelling},
  volume={235},
  pages={49--58},
  year={2012},
  publisher={Elsevier}
}

%% Machine Learning%%
@article{nathan2012using,
  title={Using tri-axial acceleration data to identify behavioral modes of free-ranging animals: general concepts and tools illustrated for griffon vultures},
  author={Nathan, Ran and Spiegel, Orr and Fortmann-Roe, Scott and Harel, Roi and Wikelski, Martin and Getz, Wayne M},
  journal={Journal of Experimental Biology},
  volume={215},
  number={6},
  pages={986--996},
  year={2012},
  publisher={Company of Biologists}
}

@article{martiskainen2009cow,
  title={Cow behaviour pattern recognition using a three-dimensional accelerometer and support vector machines},
  author={Martiskainen, Paula and J{\"a}rvinen, Mikko and Sk{\"o}n, Jukka-Pekka and Tiirikainen, Jarkko and Kolehmainen, Mikko and Mononen, Jaakko},
  journal={Applied animal behaviour science},
  volume={119},
  number={1-2},
  pages={32--38},
  year={2009},
  publisher={Elsevier}
}

@article{grunewalder2012movement,
  title={Movement activity based classification of animal behaviour with an application to data from cheetah (Acinonyx jubatus)},
  author={Gr{\"u}new{\"a}lder, Steffen and Broekhuis, Femke and Macdonald, David Whyte and Wilson, Alan Martin and McNutt, John Weldon and Shawe-Taylor, John and Hailes, Stephen},
  journal={PloS one},
  volume={7},
  number={11},
  pages={e49120},
  year={2012},
  publisher={Public Library of Science San Francisco, USA}
}

@article{carroll2014supervised,
  title={Supervised accelerometry analysis can identify prey capture by penguins at sea},
  author={Carroll, Gemma and Slip, David and Jonsen, Ian and Harcourt, Rob},
  journal={Journal of Experimental Biology},
  volume={217},
  number={24},
  pages={4295--4302},
  year={2014},
  publisher={Company of Biologists}
}



@article{guilford2009migration,
  title={Migration and stopover in a small pelagic seabird, the Manx shearwater Puffinus puffinus: insights from machine learning},
  author={Guilford, T and Meade, J and Willis, J and Phillips, Richard A and Boyle, D and Roberts, S and Collett, M and Freeman, R and Perrins, CM},
  journal={Proceedings of the Royal Society B: Biological Sciences},
  volume={276},
  number={1660},
  pages={1215--1223},
  year={2009},
  publisher={The Royal Society London}
}

@article{maclean2013evaluating,
  title={Evaluating the statistical power of detecting changes in the abundance of seabirds at sea},
  author={Maclean, Ilya MD and Rehfisch, Mark M and Skov, Henrik and Thaxter, Chris B},
  journal={Ibis},
  volume={155},
  number={1},
  pages={113--126},
  year={2013},
  publisher={Wiley Online Library}
}

@article{browning2018predicting,
  title={Predicting animal behaviour using deep learning: GPS data alone accurately predict diving in seabirds},
  author={Browning, Ella and Bolton, Mark and Owen, Ellie and Shoji, Akiko and Guilford, Tim and Freeman, Robin},
  journal={Methods in Ecology and Evolution},
  volume={9},
  number={3},
  pages={681--692},
  year={2018},
  publisher={Wiley Online Library}
}

@article{lecun2015deep,
  title={Deep learning},
  author={LeCun, Yann and Bengio, Yoshua and Hinton, Geoffrey},
  journal={nature},
  volume={521},
  number={7553},
  pages={436--444},
  year={2015},
  publisher={Nature Publishing Group}
}

@book{nelson1978sulidae,
  title={The Sulidae: gannets and boobies},
  author={Nelson, Stephanie and Nelson, Bryan},
  number={154},
  year={1978},
  publisher={Oxford University Press, USA}
}

@book{schreiber1996red,
  title={Red-footed Booby: Sula Sula},
  author={Schreiber, Elizabeth Anne and Schreiber, Ralph W and Schenk, Gary A},
  year={1996},
  publisher={American Ornithologists' Union}
}

@article{weimerskirch2005three,
  title={The three-dimensional flight of red-footed boobies: adaptations to foraging in a tropical environment?},
  author={Weimerskirch, Henri and Le Corre, Matthieu and Ropert-Coudert, Y and Kato, A and Marsac, Francis},
  journal={Proceedings of the Royal Society B: Biological Sciences},
  volume={272},
  number={1558},
  pages={53--61},
  year={2005},
  publisher={The Royal Society}
}

@article{weimerskirch2005foraging,
  title={Foraging strategy of a tropical seabird, the red-footed booby, in a dynamic marine environment},
  author={Weimerskirch, Henri and Le Corre, Matthieu and Jaquemet, S{\'e}bastien and Marsac, Francis},
  journal={Marine Ecology Progress Series},
  volume={288},
  pages={251--261},
  year={2005}
}

@article{mcgowan2008seabird,
  title={Seabird populations of the Chagos Archipelago, Indian Ocean: an evaluation of IBA sites},
  author={McGowan, Andrew and Broderick, Annette C and Godley, Brendan J},
  journal={Oryx},
  volume={42},
  number={3},
  pages={424--429},
  year={2008},
  publisher={Cambridge University Press}
}

%% Geolocators %%
@book{newton2010migration,
  title={The migration ecology of birds},
  author={Newton, Ian},
  year={2010},
  publisher={Elsevier}
}

@article{aakesson2012migration,
  title={Migration routes and strategies in a highly aerial migrant, the common swift Apus apus, revealed by light-level geolocators},
  author={{\AA}kesson, Susanne and Klaassen, Raymond and Holmgren, Jan and Fox, James W and Hedenstr{\"o}m, Anders},
  journal={PloS one},
  volume={7},
  number={7},
  pages={e41195},
  year={2012},
  publisher={Public Library of Science San Francisco, USA}
}

@article{minton2010initial,
  title={Initial results from light level geolocator trials on Ruddy Turnstone Arenaria interpres reveal unexpected migration route},
  author={Minton, Clive and Gosbell, Ken and Johns, Penny and Christie, Maureen and Fox, James W and Afanasyev, Vsevolod},
  journal={Wader Study Group Bulletin},
  volume={117},
  number={1},
  pages={9--14},
  year={2010},
  publisher={International Wader Study Group}
}

@article{bachler2010year,
  title={Year-round tracking of small trans-Saharan migrants using light-level geolocators},
  author={B{\"a}chler, Erich and Hahn, Steffen and Schaub, Michael and Arlettaz, Rapha{\"e}l and Jenni, Lukas and Fox, James W and Afanasyev, Vsevolod and Liechti, Felix},
  journal={PloS one},
  volume={5},
  number={3},
  pages={e9566},
  year={2010},
  publisher={Public Library of Science San Francisco, USA}
}

@article{jahn2013long,
  title={Long-distance bird migration within South America revealed by light-level geolocators},
  author={Jahn, Alex E and Levey, Douglas J and Cueto, Victor R and Ledezma, Jes{\'u}s Pinto and Tuero, Diego T and Fox, James W and Masson, Diego},
  journal={The Auk},
  volume={130},
  number={2},
  pages={223--229},
  year={2013},
  publisher={Oxford University Press}
}

@article{phillips2004accuracy,
  title={Accuracy of geolocation estimates for flying seabirds},
  author={Phillips, RA and Silk, JRD and Croxall, JP and Afanasyev, V and Briggs, DR},
  journal={Marine Ecology Progress Series},
  volume={266},
  pages={265--272},
  year={2004}
}
%%%%%%%%%%%%%%%%%%% DEEP LEARNING %%%%%%%%%%%%%%%%%%%%%%%
@article{mcculloch1943logical,
  title={A logical calculus of the ideas immanent in nervous activity},
  author={McCulloch, Warren S and Pitts, Walter},
  journal={The bulletin of mathematical biophysics},
  volume={5},
  number={4},
  pages={115--133},
  year={1943},
  publisher={Springer}
}

@book{bishop1995neural,
  title={Neural networks for pattern recognition},
  author={Bishop, Christopher M and others},
  year={1995},
  publisher={Oxford university press}
}

@article{krizhevsky2012imagenet,
  title={Imagenet classification with deep convolutional neural networks},
  author={Krizhevsky, Alex and Sutskever, Ilya and Hinton, Geoffrey E},
  journal={Advances in neural information processing systems},
  volume={25},
  pages={1097--1105},
  year={2012}
}

@inproceedings{girshick2014rich,
  title={Rich feature hierarchies for accurate object detection and semantic segmentation},
  author={Girshick, Ross and Donahue, Jeff and Darrell, Trevor and Malik, Jitendra},
  booktitle={Proceedings of the IEEE conference on computer vision and pattern recognition},
  pages={580--587},
  year={2014}
}

@article{farabet2012learning,
  title={Learning hierarchical features for scene labeling},
  author={Farabet, Clement and Couprie, Camille and Najman, Laurent and LeCun, Yann},
  journal={IEEE transactions on pattern analysis and machine intelligence},
  volume={35},
  number={8},
  pages={1915--1929},
  year={2012},
  publisher={IEEE}
}

@article{tompson2014joint,
  title={Joint training of a convolutional network and a graphical model for human pose estimation},
  author={Tompson, Jonathan and Jain, Arjun and LeCun, Yann and Bregler, Christoph},
  journal={arXiv preprint arXiv:1406.2984},
  year={2014}
}

@article{collobert2011natural,
  title={Natural language processing (almost) from scratch},
  author={Collobert, Ronan and Weston, Jason and Bottou, L{\'e}on and Karlen, Michael and Kavukcuoglu, Koray and Kuksa, Pavel},
  journal={Journal of machine learning research},
  volume={12},
  number={ARTICLE},
  pages={2493--2537},
  year={2011}
}

@article{sutskever2014sequence,
  title={Sequence to sequence learning with neural networks},
  author={Sutskever, Ilya and Vinyals, Oriol and Le, Quoc V},
  journal={arXiv preprint arXiv:1409.3215},
  year={2014}
}

@inproceedings{mikolov2011strategies,
  title={Strategies for training large scale neural network language models},
  author={Mikolov, Tom{\'a}{\v{s}} and Deoras, Anoop and Povey, Daniel and Burget, Luk{\'a}{\v{s}} and {\v{C}}ernock{\`y}, Jan},
  booktitle={2011 IEEE Workshop on Automatic Speech Recognition \& Understanding},
  pages={196--201},
  year={2011},
  organization={IEEE}
}

@article{wu2016google,
  title={Google's neural machine translation system: Bridging the gap between human and machine translation},
  author={Wu, Yonghui and Schuster, Mike and Chen, Zhifeng and Le, Quoc V and Norouzi, Mohammad and Macherey, Wolfgang and Krikun, Maxim and Cao, Yuan and Gao, Qin and Macherey, Klaus and others},
  journal={arXiv preprint arXiv:1609.08144},
  year={2016}
}

@article{turaga2010convolutional,
  title={Convolutional networks can learn to generate affinity graphs for image segmentation},
  author={Turaga, Srinivas C and Murray, Joseph F and Jain, Viren and Roth, Fabian and Helmstaedter, Moritz and Briggman, Kevin and Denk, Winfried and Seung, H Sebastian},
  journal={Neural computation},
  volume={22},
  number={2},
  pages={511--538},
  year={2010},
  publisher={MIT Press}
}

@article{helmstaedter2013connectomic,
  title={Connectomic reconstruction of the inner plexiform layer in the mouse retina},
  author={Helmstaedter, Moritz and Briggman, Kevin L and Turaga, Srinivas C and Jain, Viren and Seung, H Sebastian and Denk, Winfried},
  journal={Nature},
  volume={500},
  number={7461},
  pages={168--174},
  year={2013},
  publisher={Nature Publishing Group}
}

@article{eraslan2019deep,
  title={Deep learning: new computational modelling techniques for genomics},
  author={Eraslan, G{\"o}kcen and Avsec, {\v{Z}}iga and Gagneur, Julien and Theis, Fabian J},
  journal={Nature Reviews Genetics},
  volume={20},
  number={7},
  pages={389--403},
  year={2019},
  publisher={Nature Publishing Group}
}

@article{zou2019primer,
  title={A primer on deep learning in genomics},
  author={Zou, James and Huss, Mikael and Abid, Abubakar and Mohammadi, Pejman and Torkamani, Ali and Telenti, Amalio},
  journal={Nature genetics},
  volume={51},
  number={1},
  pages={12--18},
  year={2019},
  publisher={Nature Publishing Group}
}

@article{srivastava2014dropout,
  title={Dropout: a simple way to prevent neural networks from overfitting},
  author={Srivastava, Nitish and Hinton, Geoffrey and Krizhevsky, Alex and Sutskever, Ilya and Salakhutdinov, Ruslan},
  journal={The journal of machine learning research},
  volume={15},
  number={1},
  pages={1929--1958},
  year={2014},
  publisher={JMLR. org}
}


%% Discussion %%
@article{diamond1974red,
  title={The red-footed booby on Aldabra Atoll, Indian ocean},
  author={Diamond, AW},
  journal={Ardea},
  volume={62},
  number={3-4},
  pages={196--218},
  year={1974}
}

@inproceedings{pitman1993booby,
  title={Booby prey-capturing behavior in the eastern tropical Pacific},
  author={Pitman, RL and Ballance, LT},
  booktitle={Abstract. Pacific Seabird Group Twentieth Annual Meeting. Seattle, Washington},
  year={1993}
}

@article{hertel1999wing,
  title={Wing ecomorphology of seabirds from Johnston Atoll},
  author={Hertel, Fritz and Ballance, Lisa T},
  journal={The Condor},
  volume={101},
  number={3},
  pages={549--556},
  year={1999},
  publisher={Oxford University Press}
}

@article{chawla2002smote,
  title={SMOTE: synthetic minority over-sampling technique},
  author={Chawla, Nitesh V and Bowyer, Kevin W and Hall, Lawrence O and Kegelmeyer, W Philip},
  journal={Journal of artificial intelligence research},
  volume={16},
  pages={321--357},
  year={2002}
}

@article{backman2017actogram,
  title={Actogram analysis of free-flying migratory birds: new perspectives based on acceleration logging},
  author={B{\"a}ckman, Johan and Andersson, Arne and Pedersen, Lykke and Sj{\"o}berg, Sissel and T{\o}ttrup, Anders P and Alerstam, Thomas},
  journal={Journal of Comparative Physiology A},
  volume={203},
  number={6-7},
  pages={543--564},
  year={2017},
  publisher={Springer}
}

@article{liechti2013first,
  title={First evidence of a 200-day non-stop flight in a bird},
  author={Liechti, Felix and Witvliet, Willem and Weber, Roger and B{\"a}chler, Erich},
  journal={Nature Communications},
  volume={4},
  number={1},
  pages={1--7},
  year={2013},
  publisher={Nature Publishing Group}
}

@article{hedenstrom2016annual,
  title={Annual 10-month aerial life phase in the common swift Apus apus},
  author={Hedenstr{\"o}m, Anders and Norevik, Gabriel and Warfvinge, Kajsa and Andersson, Arne and B{\"a}ckman, Johan and {\AA}kesson, Susanne},
  journal={Current Biology},
  volume={26},
  number={22},
  pages={3066--3070},
  year={2016},
  publisher={Elsevier}
}